@article{jonnalagadda_2021_robust,
  author = {Jonnalagadda, Aditya and Frosio, Iuri and Schneider, Seth and McGuire, Morgan and Kim, Joohwan},
  month = {05},
  pages = {1-18},
  title = {Robust Vision-Based Cheat Detection in Competitive Gaming},
  doi = {10.1145/3451259},
  url = {https://dl.acm.org/doi/abs/10.1145/3451259},
  urldate = {2024-09-06},
  volume = {4},
  year = {2021},
  journal = {Proceedings of the ACM on Computer Graphics and Interactive Techniques}
}

@article{cao_2024_beat,
  author = {Cao, Huixia and Li, Yunkun and Liang, Zhaohao},
  month = {02},
  pages = {309-318},
  title = {BEAT: Behavior Evaluation and Anomaly Tracking, Game Bot Detection Framework in RPG Games},
  doi = {10.1145/3639631.3639683},
  url = {https://dl.acm.org/doi/10.1145/3639631.3639683},
  urldate = {2024-09-05},
  year = {2024},
  journal = {ACAI '23: Proceedings of the 2023 6th International Conference on Algorithms, Computing and Artificial Intelligence}
}

@article{su_2022_fewshot,
  author = {Su, Yueyang and Yao, Di and Chu, Xiaokai and Li, Wenbin and Bi, Jingping and Zhao, Shiwei and Wu, Runze and Zhang, Shize and Tao, Jianrong and Deng, Hao},
  month = {08},
  pages = {3941-3949},
  title = {Few-shot Learning for Trajectory-based Mobile Game Cheating Detection},
  doi = {10.1145/3534678.3539157},
  url = {https://dl.acm.org/doi/10.1145/3534678.3539157},
  urldate = {2024-09-09},
  year = {2022},
  journal = {Proceedings of the 28th ACM SIGKDD Conference on Knowledge Discovery and Data Mining}
}

@article{zhao_2023_vespa,
  author = {Zhao, Shiwei and Qi, Jiaheng and Hu, Zhipeng and Yan, Han and Wu, Runze and Shen, Xudong and Tangjie Lv and Fan, Changjie},
  month = {01},
  pages = {1-10},
  publisher = {Institute of Electrical and Electronics Engineers},
  title = {VESPA: A General System for Vision-Based Extrasensory Perception Anti-Cheating in Online FPS Games},
  doi = {10.1109/tg.2023.3327115},
  volume = {14},
  year = {2023},
  journal = {IEEE Transactions on Games}
}